<record xmlns:xsi="http://www.w3.org/2001/XMLSchema-instance" xmlns="http://www.loc.gov/MARC21/slim" xsi:schemaLocation="http://www.loc.gov/MARC21/slim http://www.loc.gov/standards/marcxml/schema/MARC21slim.xsd">

  <leader>00508nam a2200157Ia 4500</leader>
  <datafield ind1=" " ind2=" " tag="999">
    <subfield code="c">910</subfield>
    <subfield code="d">910</subfield>
  </datafield>
  <controlfield tag="008">170829b2004    cr ||||| |||| 00| | spa d</controlfield>
  <datafield ind1=" " ind2=" " tag="020">
    <subfield code="a">996895750X</subfield>
  </datafield>
  <datafield ind1=" " tag="090" ind2=" ">
    <subfield code="a">02.03.01 </subfield>
    <subfield code="b">1256</subfield>
  </datafield>
  <datafield ind1="1" tag="100" ind2=" ">
    <subfield code="a">Abarca Vásquez, Carlos Alberto</subfield>
    <subfield code="9">3123</subfield>
  </datafield>
  <datafield tag="245" ind2="0" ind1="1">
    <subfield code="a">Historia de la sociedad de seguros de vida del Magisterio Nacional / </subfield>
    <subfield code="c">Carlos Alberto Abarca Vásquez</subfield>
  </datafield>
  <datafield ind2=" " tag="260" ind1=" ">
    <subfield code="a">San José, Costa Rica : </subfield>
    <subfield code="b">Sociedad de seguros de vida del Magisterio Nacional, </subfield>
    <subfield code="c">2005</subfield>
  </datafield>
  <datafield tag="300" ind2=" " ind1=" ">
    <subfield code="a">320 páginas</subfield>
  </datafield>
  <datafield ind2="4" tag="650" ind1="1">
    <subfield code="a">SOCIEDAD </subfield>
    <subfield code="9">396</subfield>
  </datafield>
  <datafield tag="650" ind2="4" ind1="1">
    <subfield code="a">HISTORIA</subfield>
    <subfield code="9">22</subfield>
  </datafield>
  <datafield ind2="4" tag="650" ind1="1">
    <subfield code="a">SEGUROS</subfield>
    <subfield code="9">3124</subfield>
  </datafield>
  <datafield ind1=" " tag="651" ind2="4">
    <subfield code="a">COSTA RICA</subfield>
    <subfield code="9">47</subfield>
  </datafield>
  <datafield tag="942" ind2=" " ind1=" ">
    <subfield code="2">z</subfield>
    <subfield code="c">01</subfield>
  </datafield>
</record>